<?xml version="1.0" encoding="UTF-8"?><collection xmlns="http://www.loc.gov/MARC21/slim"><record><leader>00495nam--2200133-i-4500</leader><controlfield tag="001">000028469</controlfield><controlfield tag="002">20161230</controlfield><controlfield tag="005">20161230201037</controlfield><controlfield tag="008">060222s1000------------r-----000-0-eng-d</controlfield><datafield ind1=" " ind2=" " tag="100"><subfield code="a">Lange, H, Und Putter, P.St</subfield></datafield><datafield ind1=" " ind2=" " tag="245"><subfield code="a">Uber die konstruktion von laboratoriumsmagneten aus dem institut fur theoretische physik der universitat-koln. als manuskript gedruckt</subfield></datafield><datafield ind1=" " ind2=" " tag="260"><subfield code="a">Koln, Westdeutscher Verlag, 1955, 52/-66/P</subfield></datafield><datafield ind1=" " ind2=" " tag="490"><subfield code="a">Forschungsberichte Des Wirtschschafts. Miniserium Heft</subfield></datafield><datafield ind1=" " ind2=" " tag="852"><subfield code="a">727.5</subfield></datafield></record></collection>